@article{batch_normalization,
  author    = {Sergey Ioffe and
               Christian Szegedy},
  title     = {Batch Normalization: Accelerating Deep Network Training by Reducing
               Internal Covariate Shift},
  journal   = {CoRR},
  volume    = {abs/1502.03167},
  year      = {2015},
  url       = {http://arxiv.org/abs/1502.03167},
  archivePrefix = {arXiv},
  eprint    = {1502.03167},
  timestamp = {Wed, 07 Jun 2017 14:40:49 +0200},
  biburl    = {https://dblp.org/rec/bib/journals/corr/IoffeS15},
  bibsource = {dblp computer science bibliography, https://dblp.org}
}

@article{how_batch_norm_works,
   author = {{Santurkar}, S. and {Tsipras}, D. and {Ilyas}, A. and {Madry}, A.},
    title = "{How Does Batch Normalization Help Optimization? (No, It Is Not About Internal Covariate Shift)}",
  journal = {ArXiv e-prints},
archivePrefix = "arXiv",
   eprint = {1805.11604},
 primaryClass = "stat.ML",
 keywords = {Statistics - Machine Learning, Computer Science - Learning, Computer Science - Neural and Evolutionary Computing},
     year = 2018,
    month = may,
   adsurl = {http://adsabs.harvard.edu/abs/2018arXiv180511604S},
  adsnote = {Provided by the SAO/NASA Astrophysics Data System}
}

@InProceedings{normalizing_flows,
  title =    {Variational Inference with Normalizing Flows},
  author =   {Danilo Rezende and Shakir Mohamed},
  booktitle =    {Proceedings of the 32nd International Conference on Machine Learning},
  pages =    {1530--1538},
  year =   {2015},
  editor =   {Francis Bach and David Blei},
  volume =   {37},
  series =   {Proceedings of Machine Learning Research},
  address =    {Lille, France},
  month =    {07--09 Jul},
  publisher =    {PMLR},
  pdf =    {http://proceedings.mlr.press/v37/rezende15.pdf},
  url =    {http://proceedings.mlr.press/v37/rezende15.html}
}

@article{kernel_tsne,
  author = "Gisbrecht, Andrej and Schulz, Alexander and Hammer, Barbara",
  doi = "10.1016/j.neucom.2013.11.045",
  issn = "0925-2312",
  journal = "Neurocomputing",
  keywords = "t-SNE; Dimensionality reduction; Visualization; Fisher information; Out-of-sample extension",
  note = "Advances in Self-Organizing Maps Subtitle of the special issue: Selected Papers from the Workshop on Self-Organizing Maps 2012 (WSOM 2012)",
  pages = "71--82",
  title = "{Parametric nonlinear dimensionality reduction using kernel t-SNE}",
  url = "http://www.sciencedirect.com/science/article/pii/S0925231214007036",
  volume = "147",
  year = "2015"
}

@InProceedings{parametric_tsne,
  title =    {Learning a Parametric Embedding by Preserving Local Structure},
  author =   {Laurens Maaten},
  booktitle =    {Proceedings of the Twelth International Conference on Artificial Intelligence and Statistics},
  pages =    {384--391},
  year =   {2009},
  editor =   {David van Dyk and Max Welling},
  volume =   {5},
  series =   {Proceedings of Machine Learning Research},
  address =    {Hilton Clearwater Beach Resort, Clearwater Beach, Florida USA},
  month =    {16--18 Apr},
  publisher =    {PMLR},
  pdf =    {http://proceedings.mlr.press/v5/maaten09a/maaten09a.pdf},
  url =    {http://proceedings.mlr.press/v5/maaten09a.html},
}

@inproceedings{stochastic_triplet_embedding,
  title={Stochastic triplet embedding},
  author={Van Der Maaten, Laurens and Weinberger, Kilian},
  booktitle={Machine Learning for Signal Processing (MLSP), 2012 IEEE International Workshop on},
  pages={1--6},
  year={2012},
  organization={IEEE}
}

@article{multiple_maps_tsne,
  title={Visualizing non-metric similarities in multiple maps},
  author={Van der Maaten, Laurens and Hinton, Geoffrey},
  journal={Machine learning},
  volume={87},
  number={1},
  pages={33--55},
  year={2012},
  publisher={Springer}
}

@inproceedings{sne,
  title={Stochastic neighbor embedding},
  author={Hinton, Geoffrey E and Roweis, Sam T},
  booktitle={Advances in neural information processing systems},
  pages={857--864},
  year={2003}
}

@inproceedings{symmetric_sne,
  title={Visualizing similarity data with a mixture of maps},
  author={Cook, James and Sutskever, Ilya and Mnih, Andriy and Hinton, Geoffrey},
  booktitle={Artificial Intelligence and Statistics},
  pages={67--74},
  year={2007}
}

@article{tsne,
  added-at = {2015-06-19T12:07:15.000+0200},
  author = {van der Maaten, Laurens and Hinton, Geoffrey},
  biburl = {https://www.bibsonomy.org/bibtex/28b9aebb404ad4a4c6a436ea413550b30/lopusz_kdd},
  interhash = {370ba8b9e1909b61880a6f47c93bcd49},
  intrahash = {8b9aebb404ad4a4c6a436ea413550b30},
  journal = {Journal of Machine Learning Research},
  keywords = {dimensionality_reduction tSNE visualization},
  pages = {2579--2605},
  timestamp = {2015-08-19T15:19:11.000+0200},
  title = {Visualizing Data using {t-SNE} },
  url = {http://www.jmlr.org/papers/v9/vandermaaten08a.html},
  volume = 9,
  year = 2008
}

@inproceedings{accelerated_tsne_1,
  title={Scalable optimization of neighbor embedding for visualization},
  author={Yang, Zhirong and Peltonen, Jaakko and Kaski, Samuel},
  booktitle={International Conference on Machine Learning},
  pages={127--135},
  year={2013}
}

@article{accelerated_tsne_2,
  author = "van der Maaten, Laurens",
  journal = "Journal of Machine Learning Research",
  pages = "3221--3245",
  title = "{Accelerating t-SNE using Tree-Based Algorithms}",
  url = "http://jmlr.org/papers/v15/vandermaaten14a.html",
  volume = "15",
  year = "2014"
}

@article{barnes_hut,
  author = "{Barnes Josh} and {Hut Piet}",
  doi = "http://dx.doi.org/10.1038/324446a0 10.1038/324446a0",
  journal = "Nature",
  month = "dec",
  pages = "446",
  publisher = "Nature Publishing Group",
  title = "{A hierarchical O(N log N) force-calculation algorithm}",
  volume = "324",
  year = "1986"
}

@InProceedings{stochastic_backpropagation,
  title =    {Stochastic Backpropagation and Approximate Inference in Deep Generative Models},
  author =   {Danilo Jimenez Rezende and Shakir Mohamed and Daan Wierstra},
  booktitle =    {Proceedings of the 31st International Conference on Machine Learning},
  pages =    {1278--1286},
  year =   {2014},
  editor =   {Eric P. Xing and Tony Jebara},
  volume =   {32},
  number =       {2},
  series =   {Proceedings of Machine Learning Research},
  address =    {Bejing, China},
  month =    {22--24 Jun},
  publisher =    {PMLR},
  pdf =    {http://proceedings.mlr.press/v32/rezende14.pdf},
  url =    {http://proceedings.mlr.press/v32/rezende14.html}
}

@article{aevb,
  added-at = {2014-01-06T00:00:00.000+0100},
  author = {Kingma, Diederik P. and Welling, Max},
  biburl = {https://www.bibsonomy.org/bibtex/2486ad13a443259d137cb57be1dc77002/dblp},
  ee = {http://arxiv.org/abs/1312.6114},
  interhash = {85731e0fbdb10b8543ea9f55301b37a5},
  intrahash = {486ad13a443259d137cb57be1dc77002},
  journal = {CoRR},
  keywords = {dblp},
  timestamp = {2014-01-07T11:34:31.000+0100},
  title = {Auto-Encoding Variational Bayes.},
  url = {http://dblp.uni-trier.de/db/journals/corr/corr1312.html#KingmaW13},
  volume = {abs/1312.6114},
  year = 2013
}

@article {affinity_propagation,
  author = {Frey, Brendan J. and Dueck, Delbert},
  title = {Clustering by Passing Messages Between Data Points},
  volume = {315},
  number = {5814},
  pages = {972--976},
  year = {2007},
  doi = {10.1126/science.1136800},
  publisher = {American Association for the Advancement of Science},
  issn = {0036-8075},
  URL = {http://science.sciencemag.org/content/315/5814/972},
  eprint = {http://science.sciencemag.org/content/315/5814/972.full.pdf},
  journal = {Science}
}

@article{critical_assessment,
    author = {Aghaeepour, Nima and Finak, Greg and Hoos, Holger and Mosmann, Tim R. and Brinkman, Ryan and Gottardo, Raphael and Scheuermann, Richard H.},
    citeulike-article-id = {12014945},
    citeulike-linkout-0 = {http://dx.doi.org/10.1038/nmeth.2365},
    citeulike-linkout-1 = {http://dx.doi.org/10.1038/nmeth.2365},
    citeulike-linkout-2 = {http://www.ncbi.nlm.nih.gov/pmc/articles/PMC3906045/},
    citeulike-linkout-3 = {http://view.ncbi.nlm.nih.gov/pubmed/23396282},
    citeulike-linkout-4 = {http://www.hubmed.org/display.cgi?uids=23396282},
    day = {10},
    doi = {10.1038/nmeth.2365},
    issn = {1548-7091},
    journal = {Nature Methods},
    keywords = {flow\_cytometry},
    month = feb,
    number = {3},
    pages = {228--238},
    pmcid = {PMC3906045},
    pmid = {23396282},
    posted-at = {2013-02-11 18:15:44},
    priority = {2},
    publisher = {Nature Research},
    title = {{Critical assessment of automated flow cytometry data analysis techniques}},
    url = {http://dx.doi.org/10.1038/nmeth.2365},
    volume = {10},
    year = {2013}
}

@article{phenograph,
  risfield_0_do = "10.1016/j.cell.2015.05.047",
  risfield_1_t2 = "Cell",
  risfield_2_m3 = "doi: 10.1016/j.cell.2015.05.047",
  author = "{Levine Jacob H.} and {Simonds Erin F.} and {Bendall Sean C.} and {Davis Kara L.} and {Amir El-ad D.} and {Tadmor Michelle D.} and {Litvin Oren} and {Fienberg Harris G.} and {Jager Astraea} and {Zunder Eli R.} and {Finck Rachel} and {Gedman Amanda L.} and {Radtke Ina} and {Downing James R.} and {Pe{\rq}er Dana} and {Nolan Garry P.}",
  doi = "http://dx.doi.org/10.1016/j.cell.2015.05.047",
  issn = "0092-8674",
  journal = "Cell",
  month = "feb",
  note = "doi: 10.1016/j.cell.2015.05.047",
  number = "1",
  pages = "184--197",
  publisher = "Elsevier",
  title = "{Data-Driven Phenotypic Dissection of AML Reveals Progenitor-like Cells that Correlate with Prognosis}",
  volume = "162",
  year = "2018"
}

@article{visne,
  risfield_0_db = "PMC",
  risfield_1_do = "10.1038/nbt.2594",
  risfield_2_an = "PMC4076922",
  risfield_3_u1 = "23685480[pmid]",
  author = "{Amir El-ad David} and {Davis Kara L} and {Tadmor Michelle D} and {Simonds Erin F} and {Levine Jacob H} and {Bendall Sean C} and {Shenfeld Daniel K} and {Krishnaswamy Smita} and {Nolan Garry P} and {Peâ€™er Dana}",
  issn = "1087-0156 1546-1696",
  journal = "Nature biotechnology",
  month = "may",
  number = "6",
  pages = "545â€“552",
  title = "{viSNE enables visualization of high dimensional single-cell data and reveals phenotypic heterogeneity of leukemia}",
  url = "http://www.ncbi.nlm.nih.gov/pmc/articles/PMC4076922/",
  volume = "31",
  year = "2013"
}

@article{flowmeans,
  risfield_0_db = "PMC",
  risfield_1_do = "10.1002/cyto.a.21007",
  risfield_2_an = "PMC3137288",
  risfield_3_u1 = "21182178[pmid]",
  author = "Nima, Aghaeepour and Radina, Nikolic and {Hoos Holger}, H and {Brinkman Ryan}, R",
  issn = "1552-4922 1552-4930",
  journal = "Cytometry. Part A : the journal of the International Society for Analytical Cytology",
  month = "jan",
  number = "1",
  pages = "6â€“13",
  title = "{Rapid Cell Population Identification in Flow Cytometry Data}",
  volume = "79",
  year = "2011"
}

@article{householder_flow,
  author    = {Jakub M. Tomczak and
               Max Welling},
  title     = {Improving Variational Auto-Encoders using Householder Flow},
  journal   = {CoRR},
  volume    = {abs/1611.09630},
  year      = {2016},
  url       = {http://arxiv.org/abs/1611.09630},
  archivePrefix = {arXiv},
  eprint    = {1611.09630},
  timestamp = {Mon, 06 Nov 2017 00:00:00 +0100},
  biburl    = {https://dblp.org/rec/bib/journals/corr/TomczakW16},
  bibsource = {dblp computer science bibliography, https://dblp.org}
}

@inproceedings{inverse_autoregressive_flow,
  title={Improved variational inference with inverse autoregressive flow},
  author={Kingma, Diederik P and Salimans, Tim and Jozefowicz, Rafal and Chen, Xi and Sutskever, Ilya and Welling, Max},
  booktitle={Advances in Neural Information Processing Systems},
  pages={4743--4751},
  year={2016}
}

@InProceedings{trustworthiness,
  author="Venna, Jarkko and Kaski, Samuel",
  editor="Dorffner, Georg and Bischof, Horst and Hornik, Kurt",
  title="Neighborhood Preservation in Nonlinear Projection Methods: An Experimental Study",
  booktitle="Artificial Neural Networks --- ICANN 2001",
  year="2001",
  publisher="Springer Berlin Heidelberg",
  address="Berlin, Heidelberg",
  pages="485--491",
  isbn="978-3-540-44668-2"
}

@Article{trustworthiness_gene_expression,
  author="Kaski, Samuel
  and Nikkil{\"a}, Janne
  and Oja, Merja
  and Venna, Jarkko
  and T{\"o}r{\"o}nen, Petri
  and Castr{\'e}n, Eero",
  title="Trustworthiness and metrics in visualizing similarity of gene expression",
  journal="BMC Bioinformatics",
  year="2003",
  month="Oct",
  day="13",
  volume="4",
  number="1",
  pages="48",
  issn="1471-2105",
  doi="10.1186/1471-2105-4-48",
  url="https://doi.org/10.1186/1471-2105-4-48"
}

@inproceedings{trustworthiness_gene_interaction,
  title={Visualizing gene interaction graphs with local multidimensional scaling},
  author={Jarkko Venna and Samuel Kaski},
  booktitle={ESANN},
  year={2006}
}

@article{umap,
     author = {{McInnes}, L. and {Healy}, J.},
     title = "{UMAP: Uniform Manifold Approximation and Projection for Dimension Reduction}",
     journal = {ArXiv e-prints},
     archivePrefix = "arXiv",
     eprint = {1802.03426},
     primaryClass = "stat.ML",
     keywords = {Statistics - Machine Learning, Computer Science - Computational Geometry, Computer Science - Learning},
     year = 2018,
     month = feb,
}

@article{mnist,
  author = {Lecun, Yann and Bottou, Leon and Bengio, Y and Haffner, Patrick},
  year = {1998},
  month = {12},
  pages = {2278 - 2324},
  title = {Gradient-Based Learning Applied to Document Recognition},
  volume = {86},
  booktitle = {Proceedings of the IEEE}
}

@online{fashion_mnist,
  author       = {Han Xiao and Kashif Rasul and Roland Vollgraf},
  title        = {Fashion-MNIST: a Novel Image Dataset for Benchmarking Machine Learning Algorithms},
  date         = {2017-08-28},
  year         = {2017},
  eprintclass  = {cs.LG},
  eprinttype   = {arXiv},
  eprint       = {cs.LG/1708.07747},
}

@inproceedings{relu,
     author = {Glorot, Xavier and Bordes, Antoine and Bengio, Yoshua},
      month = apr,
      title = {Deep Sparse Rectifier Neural Networks},
  booktitle = {JMLR W\&CP: Proceedings of the Fourteenth International Conference on Artificial Intelligence and Statistics (AISTATS 2011)},
       year = {2011}
}

@InProceedings{xavier_initializer,
  title =    {Understanding the difficulty of training deep feedforward neural networks},
  author =   {Xavier Glorot and Yoshua Bengio},
  booktitle =    {Proceedings of the Thirteenth International Conference on Artificial Intelligence and Statistics},
  pages =    {249--256},
  year =   {2010},
  editor =   {Yee Whye Teh and Mike Titterington},
  volume =   {9},
  series =   {Proceedings of Machine Learning Research},
  address =    {Chia Laguna Resort, Sardinia, Italy},
  month =    {13--15 May},
  publisher =    {PMLR},
  pdf =    {http://proceedings.mlr.press/v9/glorot10a/glorot10a.pdf},
  url =    {http://proceedings.mlr.press/v9/glorot10a.html},
}

@article{pca_1,
  author = "F.R.S., Karl Pearson",
  doi = "10.1080/14786440109462720",
  eprint = "https://doi.org/10.1080/14786440109462720",
  journal = "The London, Edinburgh, and Dublin Philosophical Magazine and Journal of Science",
  number = "11",
  pages = "559--572",
  publisher = "Taylor \& Francis",
  title = "{LIII. On lines and planes of closest fit to systems of points in space}",
  url = "https://doi.org/10.1080/14786440109462720",
  volume = "2",
  year = "1901"
}

@article{pca_2,
 ISSN = {00063444},
 URL = {http://www.jstor.org/stable/2333955},
 author = {Harold Hotelling},
 journal = {Biometrika},
 number = {3/4},
 pages = {321--377},
 publisher = {[Oxford University Press, Biometrika Trust]},
 title = {Relations Between Two Sets of Variates},
 volume = {28},
 year = {1936}
}

@article{mass_cytometry,
  author = "Spitzer, Matthew H. and Nolan, Garry P.",
  doi = "10.1016/j.cell.2016.04.019",
  issn = "0092-8674",
  journal = "Cell",
  number = "4",
  pages = "780--791",
  title = "{Mass Cytometry: Single Cells, Many Features}",
  url = "http://www.sciencedirect.com/science/article/pii/S009286741630410X",
  volume = "165",
  year = "2016"
}

@incollection{gan,
  author = "Goodfellow, Ian and Pouget-Abadie, Jean and Mirza, Mehdi and Xu, Bing and Warde-Farley, David and Ozair, Sherjil and Courville, Aaron and Bengio, Yoshua",
  booktitle = "{Advances in Neural Information Processing Systems 27}",
  editor = "Ghahramani, Z. and Welling, M. and Cortes, C. and Lawrence, N. D. and Weinberger, K. Q.",
  pages = "2672--2680",
  publisher = "Curran Associates, Inc.",
  title = "{Generative Adversarial Nets}",
  url = "http://papers.nips.cc/paper/5423-generative-adversarial-nets.pdf",
  year = "2014"
}

@article{adam,
  author    = {Diederik P. Kingma and
               Jimmy Ba},
  title     = {Adam: {A} Method for Stochastic Optimization},
  journal   = {CoRR},
  volume    = {abs/1412.6980},
  year      = {2014},
  url       = {http://arxiv.org/abs/1412.6980},
  archivePrefix = {arXiv},
  eprint    = {1412.6980},
  timestamp = {Wed, 07 Jun 2017 14:40:52 +0200},
  biburl    = {https://dblp.org/rec/bib/journals/corr/KingmaB14},
  bibsource = {dblp computer science bibliography, https://dblp.org}
}

@inproceedings{on_the_convergence_of_adam,
  title={On the Convergence of Adam and Beyond},
  author={Sashank J. Reddi and Satyen Kale and Sanjiv Kumar},
  booktitle={International Conference on Learning Representations},
  year={2018},
}

@inproceedings{largevis,
  title={Visualizing Large-scale and High-dimensional Data},
  author={Tang, Jian and Liu, Jingzhou and Zhang, Ming and Mei, Qiaozhu},
  booktitle={Proceedings of the 25th International Conference on World Wide Web},
  pages={287--297},
  year={2016},
  organization={International World Wide Web Conferences Steering Committee}
}

@article{hidden_talents_of_the_vae,
  author  = {Bin Dai and Yu Wang and John Aston and Gang Hua and David Wipf},
  title   = {Connections with Robust PCA and the Role of Emergent Sparsity in Variational Autoencoder Models},
  journal = {Journal of Machine Learning Research},
  year    = {2018},
  volume  = {19},
  number  = {41},
  pages   = {1-42},
  url     = {http://jmlr.org/papers/v19/17-704.html}
}

@article{stacked_denoising_ae,
  title={Stacked denoising autoencoders: Learning useful representations in a deep network with a local denoising criterion},
  author={Vincent, Pascal and Larochelle, Hugo and Lajoie, Isabelle and Bengio, Yoshua and Manzagol, Pierre-Antoine},
  journal={Journal of machine learning research},
  volume={11},
  number={Dec},
  pages={3371--3408},
  year={2010}
}

@inproceedings{denoising_vae,
  author    = {Daniel Jiwoong Im and
               Sungjin Ahn and
               Roland Memisevic and
               Yoshua Bengio},
  title     = {Denoising Criterion for Variational Auto-Encoding Framework},
  booktitle = {Proceedings of the Thirty-First {AAAI} Conference on Artificial Intelligence,
               February 4-9, 2017, San Francisco, California, {USA.}},
  pages     = {2059--2065},
  year      = {2017},
  crossref  = {DBLP:conf/aaai/2017},
  url       = {http://aaai.org/ocs/index.php/AAAI/AAAI17/paper/view/14213},
  timestamp = {Mon, 06 Mar 2017 11:36:24 +0100},
  biburl    = {https://dblp.org/rec/bib/conf/aaai/ImAMB17},
  bibsource = {dblp computer science bibliography, https://dblp.org}
}

@article{ais,
  title={Annealed importance sampling},
  author={Neal, Radford M},
  journal={Statistics and computing},
  volume={11},
  number={2},
  pages={125--139},
  year={2001},
  publisher={Springer}
}

@article{ais_vae,
  author    = {Yuhuai Wu and
               Yuri Burda and
               Ruslan Salakhutdinov and
               Roger B. Grosse},
  title     = {On the Quantitative Analysis of Decoder-Based Generative Models},
  journal   = {CoRR},
  volume    = {abs/1611.04273},
  year      = {2016},
  url       = {http://arxiv.org/abs/1611.04273},
  archivePrefix = {arXiv},
  eprint    = {1611.04273},
  timestamp = {Wed, 07 Jun 2017 01:00:00 +0200},
  biburl    = {https://dblp.org/rec/bib/journals/corr/WuBSG16},
  bibsource = {dblp computer science bibliography, https://dblp.org}
}

@article{rpca_1,
  title={Robust principal component analysis?},
  author={Cand{\`e}s, Emmanuel J and Li, Xiaodong and Ma, Yi and Wright, John},
  journal={Journal of the ACM (JACM)},
  volume={58},
  number={3},
  pages={11},
  year={2011},
  publisher={ACM}
}

@article{rpca_2,
  title={Rank-sparsity incoherence for matrix decomposition},
  author={Chandrasekaran, Venkat and Sanghavi, Sujay and Parrilo, Pablo A and Willsky, Alan S},
  journal={SIAM Journal on Optimization},
  volume={21},
  number={2},
  pages={572--596},
  year={2011},
  publisher={SIAM}
}

@inproceedings{tensorflow,
  title={TensorFlow: a system for large-scale machine learning.},
  author={Abadi, Mart{\'\i}n and Barham, Paul and Chen, Jianmin and Chen, Zhifeng and Davis, Andy and Dean, Jeffrey and Devin, Matthieu and Ghemawat, Sanjay and Irving, Geoffrey and Isard, Michael and others},
  booktitle={OSDI},
  volume={16},
  pages={265--283},
  year={2016}
}

@article{tensorflow_distributions,
  title={TensorFlow Distributions},
  author={Dillon, Joshua V and Langmore, Ian and Tran, Dustin and Brevdo, Eugene and Vasudevan, Srinivas and Moore, Dave and Patton, Brian and Alemi, Alex and Hoffman, Matt and Saurous, Rif A},
  journal={arXiv preprint arXiv:1711.10604},
  year={2017}
}

@article{cuda,
 author = {Nickolls, John and Buck, Ian and Garland, Michael and Skadron, Kevin},
 title = {Scalable Parallel Programming with CUDA},
 journal = {Queue},
 issue_date = {March/April 2008},
 volume = {6},
 number = {2},
 month = mar,
 year = {2008},
 issn = {1542-7730},
 pages = {40--53},
 numpages = {14},
 url = {http://doi.acm.org/10.1145/1365490.1365500},
 doi = {10.1145/1365490.1365500},
 acmid = {1365500},
 publisher = {ACM},
 address = {New York, NY, USA},
}

@inproceedings{nn_descent,
  title={Efficient k-nearest neighbor graph construction for generic similarity measures},
  author={Dong, Wei and Moses, Charikar and Li, Kai},
  booktitle={Proceedings of the 20th international conference on World wide web},
  pages={577--586},
  year={2011},
  organization={ACM}
}

@article{universal_approximation_theorem,
  title={Approximation capabilities of multilayer feedforward networks},
  author={Hornik, Kurt},
  journal={Neural networks},
  volume={4},
  number={2},
  pages={251--257},
  year={1991},
  publisher={Elsevier}
}

@inproceedings{on_the_surprising_behavior_of_distance_metrics,
  title={On the surprising behavior of distance metrics in high dimensional space},
  author={Aggarwal, Charu C and Hinneburg, Alexander and Keim, Daniel A},
  booktitle={International conference on database theory},
  pages={420--434},
  year={2001},
  organization={Springer}
}

@article{jensens_inequality,
  title={Sur les fonctions convexes et les in{\'e}galit{\'e}s entre les valeurs moyennes},
  author={Jensen, Johan Ludwig William Valdemar},
  journal={Acta mathematica},
  volume={30},
  number={1},
  pages={175--193},
  year={1906},
  publisher={Springer}
}

@book{understanding_machine_learning,
  title={Understanding machine learning: From theory to algorithms},
  author={Shalev-Shwartz, Shai and Ben-David, Shai},
  year={2014},
  publisher={Cambridge university press}
}

@article{beta_vae,
  title={beta-vae: Learning basic visual concepts with a constrained variational framework},
  author={Higgins, Irina and Matthey, Loic and Pal, Arka and Burgess, Christopher and Glorot, Xavier and Botvinick, Matthew and Mohamed, Shakir and Lerchner, Alexander},
  year={2016}
}

@ARTICLE{understanding_beta_vae,
   author = {{Burgess}, C.~P. and {Higgins}, I. and {Pal}, A. and {Matthey}, L. and 
  {Watters}, N. and {Desjardins}, G. and {Lerchner}, A.},
    title = "{Understanding disentangling in $\beta$-VAE}",
  journal = {ArXiv e-prints},
archivePrefix = "arXiv",
   eprint = {1804.03599},
 primaryClass = "stat.ML",
 keywords = {Statistics - Machine Learning, Computer Science - Artificial Intelligence, Computer Science - Machine Learning},
     year = 2018,
    month = apr,
   adsurl = {http://adsabs.harvard.edu/abs/2018arXiv180403599B},
  adsnote = {Provided by the SAO/NASA Astrophysics Data System}
}

@article{beta_tcvae,
  title={Isolating Sources of Disentanglement in Variational Autoencoders},
  author={Chen, Tian Qi and Li, Xuechen and Grosse, Roger and Duvenaud, David},
  journal={arXiv preprint arXiv:1802.04942},
  year={2018}
}

@article{infovae,
  title={InfoVAE: Information maximizing variational autoencoders},
  author={Zhao, Shengjia and Song, Jiaming and Ermon, Stefano},
  journal={arXiv preprint arXiv:1706.02262},
  year={2017}
}

@article{nature_backprop,
  title={Learning representations by back-propagating errors},
  author={Rumelhart, David E and Hinton, Geoffrey E and Williams, Ronald J},
  journal={nature},
  volume={323},
  number={6088},
  pages={533},
  year={1986},
  publisher={Nature Publishing Group}
}

@inproceedings{manifold_hypothesis,
  title={Sample complexity of testing the manifold hypothesis},
  author={Narayanan, Hariharan and Mitter, Sanjoy},
  booktitle={Advances in Neural Information Processing Systems},
  pages={1786--1794},
  year={2010}
}

@article{johnson_lindenstrauss,
  title={Extensions of Lipschitz mappings into a Hilbert space},
  author={Johnson, William B and Lindenstrauss, Joram},
  journal={Contemporary mathematics},
  volume={26},
  number={189-206},
  pages={1},
  year={1984}
}

@article{alphago,
  title={Mastering the game of Go with deep neural networks and tree search},
  author={Silver, David and Huang, Aja and Maddison, Chris J and Guez, Arthur and Sifre, Laurent and Van Den Driessche, George and Schrittwieser, Julian and Antonoglou, Ioannis and Panneershelvam, Veda and Lanctot, Marc and others},
  journal={nature},
  volume={529},
  number={7587},
  pages={484},
  year={2016},
  publisher={Nature Publishing Group}
}

@article{alphazero,
  title={Mastering the game of Go without human knowledge},
  author={Silver, David and Schrittwieser, Julian and Simonyan, Karen and Antonoglou, Ioannis and Huang, Aja and Guez, Arthur and Hubert, Thomas and Baker, Lucas and Lai, Matthew and Bolton, Adrian and others},
  journal={nature},
  volume={550},
  number={7676},
  pages={354},
  year={2017},
  publisher={Nature Publishing Group}
}

@article {alphazero_generalized,
  author = {Silver, David and Hubert, Thomas and Schrittwieser, Julian and Antonoglou, Ioannis and Lai, Matthew and Guez, Arthur and Lanctot, Marc and Sifre, Laurent and Kumaran, Dharshan and Graepel, Thore and Lillicrap, Timothy and Simonyan, Karen and Hassabis, Demis},
  title = {A general reinforcement learning algorithm that masters chess, shogi, and Go through self-play},
  volume = {362},
  number = {6419},
  pages = {1140--1144},
  year = {2018},
  doi = {10.1126/science.aar6404},
  publisher = {American Association for the Advancement of Science},
  issn = {0036-8075},
  URL = {http://science.sciencemag.org/content/362/6419/1140},
  eprint = {http://science.sciencemag.org/content/362/6419/1140.full.pdf},
  journal = {Science}
}

@article{deep_atari,
  title={Human-level control through deep reinforcement learning},
  author={Mnih, Volodymyr and Kavukcuoglu, Koray and Silver, David and Rusu, Andrei A and Veness, Joel and Bellemare, Marc G and Graves, Alex and Riedmiller, Martin and Fidjeland, Andreas K and Ostrovski, Georg and others},
  journal={Nature},
  volume={518},
  number={7540},
  pages={529},
  year={2015},
  publisher={Nature Publishing Group}
}

@inproceedings{imagenet,
  title={Imagenet: A large-scale hierarchical image database},
  author={Deng, Jia and Dong, Wei and Socher, Richard and Li, Li-Jia and Li, Kai and Fei-Fei, Li},
  booktitle={Computer Vision and Pattern Recognition, 2009. CVPR 2009. IEEE Conference on},
  pages={248--255},
  year={2009},
  organization={Ieee}
}

@article{imagenet_challenge,
  Author = {Olga Russakovsky and Jia Deng and Hao Su and Jonathan Krause and Sanjeev Satheesh and Sean Ma and Zhiheng Huang and Andrej Karpathy and Aditya Khosla and Michael Bernstein and Alexander C. Berg and Li Fei-Fei},
  Title = {{ImageNet Large Scale Visual Recognition Challenge}},
  Year = {2015},
  journal   = {International Journal of Computer Vision (IJCV)},
  doi = {10.1007/s11263-015-0816-y},
  volume={115},
  number={3},
  pages={211-252}
}

@inproceedings{imagenet_alexnet,
  title={Imagenet classification with deep convolutional neural networks},
  author={Krizhevsky, Alex and Sutskever, Ilya and Hinton, Geoffrey E},
  booktitle={Advances in neural information processing systems},
  pages={1097--1105},
  year={2012}
}

@article{deep_learning,
  title={Deep learning},
  author={LeCun, Yann and Bengio, Yoshua and Hinton, Geoffrey},
  journal={nature},
  volume={521},
  number={7553},
  pages={436},
  year={2015},
  publisher={Nature Publishing Group}
}

@book{bellman_curse_of_dimensionality,
  title={Dynamic Programming},
  author={Bellman, Richard Ernest},
  year={1957},
  publisher={Princeton University Press}
}

@article{first_dimensionality_reduction_review,
  title={Dimensionality Reduction: A Comparative Review},
  author={van der Maaten, LJP and Postma, EO and van den Herik, HJ}
}

@article{second_dimensionality_reduction_review,
  url = {http://dx.doi.org/10.1561/2200000002},
  year = {2010},
  volume = {2},
  journal = {Foundations and TrendsÂ® in Machine Learning},
  title = {Dimension Reduction: A Guided Tour},
  doi = {10.1561/2200000002},
  issn = {1935-8237},
  number = {4},
  pages = {275-365},
  author = {Christopher J. C. Burges}
}

@article{advi,
  title={Automatic differentiation variational inference},
  author={Kucukelbir, Alp and Tran, Dustin and Ranganath, Rajesh and Gelman, Andrew and Blei, David M},
  journal={The Journal of Machine Learning Research},
  volume={18},
  number={1},
  pages={430--474},
  year={2017},
  publisher={JMLR. org}
}

@article{variational_inference_review,
  title={Variational inference: A review for statisticians},
  author={Blei, David M and Kucukelbir, Alp and McAuliffe, Jon D},
  journal={Journal of the American Statistical Association},
  volume={112},
  number={518},
  pages={859--877},
  year={2017},
  publisher={Taylor \& Francis}
}

@article{fast_multipole,
  title={Rapid solution of integral equations of classical potential theory},
  author={Rokhlin, Vladimir},
  journal={Journal of computational physics},
  volume={60},
  number={2},
  pages={187--207},
  year={1985},
  publisher={Elsevier}
}

@book{high_dimensional_probability,
  title={High-dimensional probability: An introduction with applications in data science},
  author={Vershynin, Roman},
  volume={47},
  year={2018},
  publisher={Cambridge University Press}
}

@inproceedings{tpu,
  title={In-datacenter performance analysis of a tensor processing unit},
  author={Jouppi, Norman P and Young, Cliff and Patil, Nishant and Patterson, David and Agrawal, Gaurav and Bajwa, Raminder and Bates, Sarah and Bhatia, Suresh and Boden, Nan and Borchers, Al and others},
  booktitle={Computer Architecture (ISCA), 2017 ACM/IEEE 44th Annual International Symposium on},
  pages={1--12},
  year={2017},
  organization={IEEE}
}

@article{nvidia_tensor_core,
  title={NVIDIA Tensor Core Programmability, Performance \& Precision},
  author={Markidis, Stefano and Der Chien, Steven Wei and Laure, Erwin and Peng, Ivy Bo and Vetter, Jeffrey S},
  journal={arXiv preprint arXiv:1803.04014},
  year={2018}
}

@article{dropout,
  title={Dropout: a simple way to prevent neural networks from overfitting},
  author={Srivastava, Nitish and Hinton, Geoffrey and Krizhevsky, Alex and Sutskever, Ilya and Salakhutdinov, Ruslan},
  journal={The Journal of Machine Learning Research},
  volume={15},
  number={1},
  pages={1929--1958},
  year={2014},
  publisher={JMLR. org}
}

@book{deep_learning_book,
    title={Deep Learning},
    author={Ian Goodfellow and Yoshua Bengio and Aaron Courville},
    publisher={MIT Press},
    note={\url{http://www.deeplearningbook.org}},
    year={2016}
}

@article{hinton_autoencoder,
  title={Reducing the dimensionality of data with neural networks},
  author={Hinton, Geoffrey E and Salakhutdinov, Ruslan R},
  journal={science},
  volume={313},
  number={5786},
  pages={504--507},
  year={2006},
  publisher={American Association for the Advancement of Science}
}

@article{deep_belief_nets,
  title={A fast learning algorithm for deep belief nets},
  author={Hinton, Geoffrey E and Osindero, Simon and Teh, Yee-Whye},
  journal={Neural computation},
  volume={18},
  number={7},
  pages={1527--1554},
  year={2006},
  publisher={MIT Press}
}

@article{hinton_deep_belief_nets,
  title={Learning multiple layers of representation},
  author={Hinton, Geoffrey E},
  journal={Trends in cognitive sciences},
  volume={11},
  number={10},
  pages={428--434},
  year={2007},
  publisher={Elsevier}
}

@inproceedings{boltzmann_machines,
  title={Massively parallel architectures for AI: NETL, Thistle, and Boltzmann machines},
  author={Fahlman, Scott E and Hinton, Geoffrey E and Sejnowski, Terrence J},
  booktitle={National Conference on Artificial Intelligence, AAAI},
  year={1983}
}

@InProceedings{deep_boltzmann_machines,
  title =    {Deep Boltzmann Machines},
  author =   {Ruslan Salakhutdinov and Geoffrey Hinton},
  booktitle =    {Proceedings of the Twelth International Conference on Artificial Intelligence and Statistics},
  pages =    {448--455},
  year =   {2009},
  editor =   {David van Dyk and Max Welling},
  volume =   {5},
  series =   {Proceedings of Machine Learning Research},
  address =    {Hilton Clearwater Beach Resort, Clearwater Beach, Florida USA},
  month =    {16--18 Apr},
  publisher =    {PMLR},
  pdf =    {http://proceedings.mlr.press/v5/salakhutdinov09a/salakhutdinov09a.pdf},
  url =    {http://proceedings.mlr.press/v5/salakhutdinov09a.html},
}

@article{autoencoder_pca,
  title={Neural networks and principal component analysis: Learning from examples without local minima},
  author={Baldi, Pierre and Hornik, Kurt},
  journal={Neural networks},
  volume={2},
  number={1},
  pages={53--58},
  year={1989},
  publisher={Elsevier}
}

@techreport{encoding_problem,
  title={Learning internal representations by error propagation},
  author={Rumelhart, David E and Hinton, Geoffrey E and Williams, Ronald J},
  year={1985},
  institution={California Univ San Diego La Jolla Inst for Cognitive Science}
}

@inproceedings{resnet,
  title={Deep residual learning for image recognition},
  author={He, Kaiming and Zhang, Xiangyu and Ren, Shaoqing and Sun, Jian},
  booktitle={Proceedings of the IEEE conference on computer vision and pattern recognition},
  pages={770--778},
  year={2016}
}

@inproceedings{semi_supervised_vae,
  title={Semi-supervised learning with deep generative models},
  author={Kingma, Diederik P and Mohamed, Shakir and Rezende, Danilo Jimenez and Welling, Max},
  booktitle={Advances in Neural Information Processing Systems},
  pages={3581--3589},
  year={2014}
}

@inproceedings{adversarial_autoencoders,
  title = {Adversarial Autoencoders},
  author  = {Alireza Makhzani and Jonathon Shlens and Navdeep Jaitly and Ian Goodfellow},
  year  = {2016},
  URL = {http://arxiv.org/abs/1511.05644},
  booktitle = {International Conference on Learning Representations}
}

@inproceedings{learning_rate_vs_batch_size,
  title={Don't Decay the Learning Rate, Increase the Batch Size},
  author={Samuel L. Smith and Pieter-Jan Kindermans and Quoc V. Le},
  booktitle={International Conference on Learning Representations},
  year={2018}
}

@inproceedings{large_batch_size_generalization,
  title={On Large-Batch Training for Deep Learning: Generalization Gap and
               Sharp Minima},
  author={Nitish Shirish Keskar and
          Dheevatsa Mudigere and
          Jorge Nocedal and
          Mikhail Smelyanskiy and
          Ping Tak Peter Tang},
  booktitle={International Conference on Learning Representations},
  year={2017}
}

@inproceedings{marginal_value_of_adaptive_gradient_methods,
  title={The marginal value of adaptive gradient methods in machine learning},
  author={Wilson, Ashia C and Roelofs, Rebecca and Stern, Mitchell and Srebro, Nati and Recht, Benjamin},
  booktitle={Advances in Neural Information Processing Systems},
  pages={4148--4158},
  year={2017}
}

@article{high_dimensional_data_spaces_gene_and_protein,
  risfield_0_m3 = "Review Article",
  author = "{Clarke Robert} and {Ressom Habtom W.} and {Wang Antai} and {Xuan Jianhua} and {Liu Minetta C.} and {Gehan Edmund A.} and {Wang Yue}",
  doi = "http://dx.doi.org/10.1038/nrc2294 10.1038/nrc2294",
  journal = "Nature Reviews Cancer",
  month = "jan",
  pages = "37",
  publisher = "Nature Publishing Group",
  title = "{The properties of high-dimensional data spaces: implications for exploring gene and protein expression data}",
  volume = "8", 
  year = "2008"
}

@article {tirosh,
  author = {Tirosh, Itay and Izar, Benjamin and Prakadan, Sanjay M. and Wadsworth, Marc H. and Treacy, Daniel and Trombetta, John J. and Rotem, Asaf and Rodman, Christopher and Lian, Christine and Murphy, George and Fallahi-Sichani, Mohammad and Dutton-Regester, Ken and Lin, Jia-Ren and Cohen, Ofir and Shah, Parin and Lu, Diana and Genshaft, Alex S. and Hughes, Travis K. and Ziegler, Carly G. K. and Kazer, Samuel W. and Gaillard, Aleth and Kolb, Kellie E. and Villani, Alexandra-Chlo{\'e} and Johannessen, Cory M. and Andreev, Aleksandr Y. and Van Allen, Eliezer M. and Bertagnolli, Monica and Sorger, Peter K. and Sullivan, Ryan J. and Flaherty, Keith T. and Frederick, Dennie T. and Jan{\'e}-Valbuena, Judit and Yoon, Charles H. and Rozenblatt-Rosen, Orit and Shalek, Alex K. and Regev, Aviv and Garraway, Levi A.}, 
  title = {Dissecting the multicellular ecosystem of metastatic melanoma by single-cell RNA-seq},
  volume = {352},
  number = {6282},
  pages = {189--196},
  year = {2016},
  doi = {10.1126/science.aad0501},
  publisher = {American Association for the Advancement of Science},
  issn = {0036-8075},
  URL = {http://science.sciencemag.org/content/352/6282/189},
  eprint = {http://science.sciencemag.org/content/352/6282/189.full.pdf},
  journal = {Science}
}

@article{computational_challenges_single_cell_transcriptomics,
  risfield_0_m3 = "Review Article",
  author = "{Stegle Oliver} and {Teichmann Sarah A.} and {Marioni John C.}",
  doi = "http://dx.doi.org/10.1038/nrg3833 10.1038/nrg3833",
  journal = "Nature Reviews Genetics",
  month = "jan",
  pages = "133",
  publisher = "Nature Publishing Group, a division of Macmillan Publishers Limited. All Rights Reserved.",
  title = "{Computational and analytical challenges in single-cell transcriptomics}",
  volume = "16",
  year = "2015"
}

@article{cytometry_review,
  title = "A deep profiler's guide to cytometry",
  journal = "Trends in Immunology",
  volume = "33",
  number = "7",
  pages = "323 - 332",
  year = "2012",
  issn = "1471-4906",
  doi = "https://doi.org/10.1016/j.it.2012.02.010",
  url = "http://www.sciencedirect.com/science/article/pii/S1471490612000415",
  author = "Sean C. Bendall and Garry P. Nolan and Mario Roederer and Pratip K. Chattopadhyay",
  keywords = "fluorescence, inductively coupled plasma mass spectrometry, single cell analysis, immunophenotyping, data analysis"
}

@article{sc_dropout,
  author = {Hicks, Stephanie C and Townes, F William and Teng, Mingxiang and Irizarry, Rafael A},
  title = {Missing data and technical variability in single-cell RNA-sequencing experiments},
  journal = {Biostatistics},
  volume = {19},
  number = {4},
  pages = {562-578},
  year = {2018},
  doi = {10.1093/biostatistics/kxx053},
  URL = {http://dx.doi.org/10.1093/biostatistics/kxx053},
  eprint = {/oup/backfile/content_public/journal/biostatistics/19/4/10.1093_biostatistics_kxx053/2/kxx053.pdf}
}

@Article{zifa,
  author="Pierson, Emma
  and Yau, Christopher",
  title="ZIFA: Dimensionality reduction for zero-inflated single-cell gene expression analysis",
  journal="Genome Biology",
  year="2015",
  month="Nov",
  day="02",
  volume="16",
  number="1",
  pages="241",
  issn="1474-760X",
  doi="10.1186/s13059-015-0805-z",
  url="https://doi.org/10.1186/s13059-015-0805-z"
}

@article{jordan_vi,
  title={An introduction to variational methods for graphical models},
  author={Jordan, Michael I and Ghahramani, Zoubin and Jaakkola, Tommi S and Saul, Lawrence K},
  journal={Machine learning},
  volume={37},
  number={2},
  pages={183--233},
  year={1999},
  publisher={Springer}
}

@inproceedings{kfac,
  title={Optimizing neural networks with kronecker-factored approximate curvature},
  author={Martens, James and Grosse, Roger},
  booktitle={International conference on machine learning},
  pages={2408--2417},
  year={2015}
}

@article{adagrad,
  title={Adaptive subgradient methods for online learning and stochastic optimization},
  author={Duchi, John and Hazan, Elad and Singer, Yoram},
  journal={Journal of Machine Learning Research},
  volume={12},
  number={Jul},
  pages={2121--2159},
  year={2011}
}

@misc{rmsprop,
  title={{Lecture 6.5---RmsProp: Divide the gradient by a running average of its recent magnitude}},
  author={Tieleman, T. and Hinton, G.},
  howpublished={COURSERA: Neural Networks for Machine Learning},
  year={2012}
}

@inproceedings{ladder_vae,
  title={Ladder variational autoencoders},
  author={S{\o}nderby, Casper Kaae and Raiko, Tapani and Maal{\o}e, Lars and S{\o}nderby, S{\o}ren Kaae and Winther, Ole},
  booktitle={Advances in neural information processing systems},
  pages={3738--3746},
  year={2016}
}

@incollection{ladder_ae,
  title={From neural PCA to deep unsupervised learning},
  author={Valpola, Harri},
  booktitle={Advances in Independent Component Analysis and Learning Machines},
  pages={143--171},
  year={2015},
  publisher={Elsevier}
}

@inproceedings{gumbel_softmax,
  title = {Categorical Reparameterization with Gumbel-Softmax},
  author  = {Eric Jang and Shixiang Gu and Ben Poole},
  year  = {2017},
  URL = {https://arxiv.org/abs/1611.01144}
}

@article{mitf,
  author = "{Garraway Levi A.} and {Widlund Hans R.} and {Rubin Mark A.} and {Getz Gad} and {Berger Aaron J.} and {Ramaswamy Sridhar} and {Beroukhim Rameen} and {Milner Danny A.} and {Granter Scott R.} and {Du Jinyan} and {Lee Charles} and {Wagner Stephan N.} and {Li Cheng} and {Golub Todd R.} and {Rimm David L.} and {Meyerson Matthew L.} and {Fisher David E.} and {Sellers William R.}",
  doi = "https://doi.org/10.1038/nature03664 10.1038/nature03664",
  journal = "Nature",
  month = "jul",
  pages = "117",
  publisher = "Nature Publishing Group",
  title = "{Integrative genomic analyses identify MITF as a lineage survival oncogene amplified in malignant melanoma}",
  url = "https://www.nature.com/articles/nature03664\#supplementary-information",
  volume = "436",
  year = "2005"
}

@article {mitf_axl,
  author = {Konieczkowski, David J. and Johannessen, Cory M. and Abudayyeh, Omar and Kim, Jong Wook and Cooper, Zachary A. and Piris, Adriano and Frederick, Dennie T. and Barzily-Rokni, Michal and Straussman, Ravid and Haq, Rizwan and Fisher, David E. and Mesirov, Jill P. and Hahn, William C. and Flaherty, Keith T. and Wargo, Jennifer A. and Tamayo, Pablo and Garraway, Levi A.},
  title = {A Melanoma Cell State Distinction Influences Sensitivity to MAPK Pathway Inhibitors},
  volume = {4},
  number = {7},
  pages = {816--827},
  year = {2014},
  doi = {10.1158/2159-8290.CD-13-0424},
  publisher = {American Association for Cancer Research},
  issn = {2159-8274},
  URL = {http://cancerdiscovery.aacrjournals.org/content/4/7/816},
  eprint = {http://cancerdiscovery.aacrjournals.org/content/4/7/816.full.pdf},
  journal = {Cancer Discovery}
}

@article{hamiltonian_monte_carlo,
  title = "Hybrid Monte Carlo",
  journal = "Physics Letters B",
  volume = "195",
  number = "2",
  pages = "216 - 222",
  year = "1987",
  issn = "0370-2693",
  doi = "https://doi.org/10.1016/0370-2693(87)91197-X",
  url = "http://www.sciencedirect.com/science/article/pii/037026938791197X",
  author = "Simon Duane and A.D. Kennedy and Brian J. Pendleton and Duncan Roweth",
}

@book{elements_of_information_theory,
 author = {Cover, Thomas M. and Thomas, Joy A.},
 title = {Elements of Information Theory (Wiley Series in Telecommunications and Signal Processing)},
 year = {2006},
 isbn = {0471241954},
 publisher = {Wiley-Interscience},
 address = {New York, NY, USA},
}

