@article{batch_normalization,
  author    = {Sergey Ioffe and
               Christian Szegedy},
  title     = {Batch Normalization: Accelerating Deep Network Training by Reducing
               Internal Covariate Shift},
  journal   = {CoRR},
  volume    = {abs/1502.03167},
  year      = {2015},
  url       = {http://arxiv.org/abs/1502.03167},
  archivePrefix = {arXiv},
  eprint    = {1502.03167},
  timestamp = {Wed, 07 Jun 2017 14:40:49 +0200},
  biburl    = {https://dblp.org/rec/bib/journals/corr/IoffeS15},
  bibsource = {dblp computer science bibliography, https://dblp.org}
}

@InProceedings{normalizing_flows,
  title =    {Variational Inference with Normalizing Flows},
  author =   {Danilo Rezende and Shakir Mohamed},
  booktitle =    {Proceedings of the 32nd International Conference on Machine Learning},
  pages =    {1530--1538},
  year =   {2015},
  editor =   {Francis Bach and David Blei},
  volume =   {37},
  series =   {Proceedings of Machine Learning Research},
  address =    {Lille, France},
  month =    {07--09 Jul},
  publisher =    {PMLR},
  pdf =    {http://proceedings.mlr.press/v37/rezende15.pdf},
  url =    {http://proceedings.mlr.press/v37/rezende15.html}
}

@article{kernel_tsne,
  author = "Gisbrecht, Andrej and Schulz, Alexander and Hammer, Barbara",
  doi = "10.1016/j.neucom.2013.11.045",
  issn = "0925-2312",
  journal = "Neurocomputing",
  keywords = "t-SNE; Dimensionality reduction; Visualization; Fisher information; Out-of-sample extension",
  note = "Advances in Self-Organizing Maps Subtitle of the special issue: Selected Papers from the Workshop on Self-Organizing Maps 2012 (WSOM 2012)",
  pages = "71--82",
  title = "{Parametric nonlinear dimensionality reduction using kernel t-SNE}",
  url = "http://www.sciencedirect.com/science/article/pii/S0925231214007036",
  volume = "147",
  year = "2015"
}

@article{tsne,
  added-at = {2015-06-19T12:07:15.000+0200},
  author = {van der Maaten, Laurens and Hinton, Geoffrey},
  biburl = {https://www.bibsonomy.org/bibtex/28b9aebb404ad4a4c6a436ea413550b30/lopusz_kdd},
  interhash = {370ba8b9e1909b61880a6f47c93bcd49},
  intrahash = {8b9aebb404ad4a4c6a436ea413550b30},
  journal = {Journal of Machine Learning Research},
  keywords = {dimensionality_reduction tSNE visualization},
  pages = {2579--2605},
  timestamp = {2015-08-19T15:19:11.000+0200},
  title = {Visualizing Data using {t-SNE} },
  url = {http://www.jmlr.org/papers/v9/vandermaaten08a.html},
  volume = 9,
  year = 2008
}

@InProceedings{stochastic_backpropagation,
  title =    {Stochastic Backpropagation and Approximate Inference in Deep Generative Models},
  author =   {Danilo Jimenez Rezende and Shakir Mohamed and Daan Wierstra},
  booktitle =    {Proceedings of the 31st International Conference on Machine Learning},
  pages =    {1278--1286},
  year =   {2014},
  editor =   {Eric P. Xing and Tony Jebara},
  volume =   {32},
  number =       {2},
  series =   {Proceedings of Machine Learning Research},
  address =    {Bejing, China},
  month =    {22--24 Jun},
  publisher =    {PMLR},
  pdf =    {http://proceedings.mlr.press/v32/rezende14.pdf},
  url =    {http://proceedings.mlr.press/v32/rezende14.html}
}

@article{aevb,
  added-at = {2014-01-06T00:00:00.000+0100},
  author = {Kingma, Diederik P. and Welling, Max},
  biburl = {https://www.bibsonomy.org/bibtex/2486ad13a443259d137cb57be1dc77002/dblp},
  ee = {http://arxiv.org/abs/1312.6114},
  interhash = {85731e0fbdb10b8543ea9f55301b37a5},
  intrahash = {486ad13a443259d137cb57be1dc77002},
  journal = {CoRR},
  keywords = {dblp},
  timestamp = {2014-01-07T11:34:31.000+0100},
  title = {Auto-Encoding Variational Bayes.},
  url = {http://dblp.uni-trier.de/db/journals/corr/corr1312.html#KingmaW13},
  volume = {abs/1312.6114},
  year = 2013
}

@article {affinity_propagation,
  author = {Frey, Brendan J. and Dueck, Delbert},
  title = {Clustering by Passing Messages Between Data Points},
  volume = {315},
  number = {5814},
  pages = {972--976},
  year = {2007},
  doi = {10.1126/science.1136800},
  publisher = {American Association for the Advancement of Science},
  issn = {0036-8075},
  URL = {http://science.sciencemag.org/content/315/5814/972},
  eprint = {http://science.sciencemag.org/content/315/5814/972.full.pdf},
  journal = {Science}
}

@article{critical_assessment,
    author = {Aghaeepour, Nima and Finak, Greg and Hoos, Holger and Mosmann, Tim R. and Brinkman, Ryan and Gottardo, Raphael and Scheuermann, Richard H.},
    citeulike-article-id = {12014945},
    citeulike-linkout-0 = {http://dx.doi.org/10.1038/nmeth.2365},
    citeulike-linkout-1 = {http://dx.doi.org/10.1038/nmeth.2365},
    citeulike-linkout-2 = {http://www.ncbi.nlm.nih.gov/pmc/articles/PMC3906045/},
    citeulike-linkout-3 = {http://view.ncbi.nlm.nih.gov/pubmed/23396282},
    citeulike-linkout-4 = {http://www.hubmed.org/display.cgi?uids=23396282},
    day = {10},
    doi = {10.1038/nmeth.2365},
    issn = {1548-7091},
    journal = {Nature Methods},
    keywords = {flow\_cytometry},
    month = feb,
    number = {3},
    pages = {228--238},
    pmcid = {PMC3906045},
    pmid = {23396282},
    posted-at = {2013-02-11 18:15:44},
    priority = {2},
    publisher = {Nature Research},
    title = {{Critical assessment of automated flow cytometry data analysis techniques}},
    url = {http://dx.doi.org/10.1038/nmeth.2365},
    volume = {10},
    year = {2013}
}

@article{phenograph,
  risfield_0_do = "10.1016/j.cell.2015.05.047",
  risfield_1_t2 = "Cell",
  risfield_2_m3 = "doi: 10.1016/j.cell.2015.05.047",
  author = "{Levine Jacob H.} and {Simonds Erin F.} and {Bendall Sean C.} and {Davis Kara L.} and {Amir El-ad D.} and {Tadmor Michelle D.} and {Litvin Oren} and {Fienberg Harris G.} and {Jager Astraea} and {Zunder Eli R.} and {Finck Rachel} and {Gedman Amanda L.} and {Radtke Ina} and {Downing James R.} and {Pe{\rq}er Dana} and {Nolan Garry P.}",
  doi = "http://dx.doi.org/10.1016/j.cell.2015.05.047",
  issn = "0092-8674",
  journal = "Cell",
  month = "feb",
  note = "doi: 10.1016/j.cell.2015.05.047",
  number = "1",
  pages = "184--197",
  publisher = "Elsevier",
  title = "{Data-Driven Phenotypic Dissection of AML Reveals Progenitor-like Cells that Correlate with Prognosis}",
  volume = "162",
  year = "2018"
}

@article{visne,
  risfield_0_db = "PMC",
  risfield_1_do = "10.1038/nbt.2594",
  risfield_2_an = "PMC4076922",
  risfield_3_u1 = "23685480[pmid]",
  author = "{Amir El-ad David} and {Davis Kara L} and {Tadmor Michelle D} and {Simonds Erin F} and {Levine Jacob H} and {Bendall Sean C} and {Shenfeld Daniel K} and {Krishnaswamy Smita} and {Nolan Garry P} and {Pe’er Dana}",
  issn = "1087-0156 1546-1696",
  journal = "Nature biotechnology",
  month = "may",
  number = "6",
  pages = "545–552",
  title = "{viSNE enables visualization of high dimensional single-cell data and reveals phenotypic heterogeneity of leukemia}",
  url = "http://www.ncbi.nlm.nih.gov/pmc/articles/PMC4076922/",
  volume = "31",
  year = "2013"
}

@article{flowmeans,
  risfield_0_db = "PMC",
  risfield_1_do = "10.1002/cyto.a.21007",
  risfield_2_an = "PMC3137288",
  risfield_3_u1 = "21182178[pmid]",
  author = "Nima, Aghaeepour and Radina, Nikolic and {Hoos Holger}, H and {Brinkman Ryan}, R",
  issn = "1552-4922 1552-4930",
  journal = "Cytometry. Part A : the journal of the International Society for Analytical Cytology",
  month = "jan",
  number = "1",
  pages = "6–13",
  title = "{Rapid Cell Population Identification in Flow Cytometry Data}",
  volume = "79",
  year = "2011"
}

@article{householder_flow,
  author    = {Jakub M. Tomczak and
               Max Welling},
  title     = {Improving Variational Auto-Encoders using Householder Flow},
  journal   = {CoRR},
  volume    = {abs/1611.09630},
  year      = {2016},
  url       = {http://arxiv.org/abs/1611.09630},
  archivePrefix = {arXiv},
  eprint    = {1611.09630},
  timestamp = {Mon, 06 Nov 2017 00:00:00 +0100},
  biburl    = {https://dblp.org/rec/bib/journals/corr/TomczakW16},
  bibsource = {dblp computer science bibliography, https://dblp.org}
}

@article{inverse_autoregressive_flow,
  author    = {Diederik P. Kingma and
               Tim Salimans and
               Max Welling},
  title     = {Improving Variational Inference with Inverse Autoregressive Flow},
  journal   = {CoRR},
  volume    = {abs/1606.04934},
  year      = {2016},
  url       = {http://arxiv.org/abs/1606.04934},
  archivePrefix = {arXiv},
  eprint    = {1606.04934},
  timestamp = {Wed, 07 Jun 2017 01:00:00 +0200},
  biburl    = {https://dblp.org/rec/bib/journals/corr/KingmaSW16},
  bibsource = {dblp computer science bibliography, https://dblp.org}
}

